<record><leader>00000cas a22000007a 4500</leader><controlfield tag="001">25103772</controlfield><controlfield tag="008">920114d19051941nyudn ne      0    0eng d</controlfield><datafield ind1=" " ind2=" " tag="010"><subfield code="a">sn 92061414 </subfield></datafield><datafield ind1=" " ind2=" " tag="040"><subfield code="a">NYS</subfield><subfield code="b">eng</subfield><subfield code="c">NYS</subfield><subfield code="d">OCLCQ</subfield><subfield code="d">IUL</subfield><subfield code="d">OCLCF</subfield><subfield code="d">DLC</subfield></datafield><datafield ind1=" " ind2=" " tag="042"><subfield code="a">msc</subfield></datafield><datafield ind1=" " ind2=" " tag="043"><subfield code="a">n-us-ny</subfield></datafield><datafield ind1="0" ind2=" " tag="130"><subfield code="a">Jamestown evening journal (Jamestown, N.Y. : 1905)</subfield></datafield><datafield ind1="1" ind2="4" tag="245"><subfield code="a">The Jamestown evening journal.</subfield></datafield><datafield ind1=" " ind2=" " tag="260"><subfield code="a">Jamestown, N.Y. :</subfield><subfield code="b">Journal Print. Co.,</subfield><subfield code="c">1905-1941.</subfield></datafield><datafield ind1=" " ind2=" " tag="300"><subfield code="a">37 v. :</subfield><subfield code="b">ill.</subfield></datafield><datafield ind1=" " ind2=" " tag="310"><subfield code="a">Daily (except Sunday)</subfield></datafield><datafield ind1="0" ind2=" " tag="362"><subfield code="a">Vol. 36, no. 1 (Jan. 2, 1905)-v. 72, no. 232 (Sept. 30, 1941).</subfield></datafield><datafield ind1=" " ind2=" " tag="500"><subfield code="a">Special Jamestown Centennial ed. published: July 12, 1926.</subfield></datafield><datafield ind1=" " ind2=" " tag="580"><subfield code="a">Semiweekly ed.: Jamestown journal.</subfield></datafield><datafield ind1=" " ind2="0" tag="651"><subfield code="a">Jamestown (N.Y.)</subfield><subfield code="v">Newspapers.</subfield></datafield><datafield ind1=" " ind2="0" tag="651"><subfield code="a">Chautauqua County (N.Y.)</subfield><subfield code="v">Newspapers.</subfield></datafield><datafield ind1=" " ind2="4" tag="651"><subfield code="a">Jamestown (N.Y.)</subfield><subfield code="v">Newspapers.</subfield></datafield><datafield ind1=" " ind2="7" tag="651"><subfield code="a">New York (State)</subfield><subfield code="z">Chautauqua County.</subfield><subfield code="2">fast</subfield><subfield code="0">(OCoLC)fst01213677</subfield></datafield><datafield ind1=" " ind2="7" tag="651"><subfield code="a">New York (State)</subfield><subfield code="z">Jamestown.</subfield><subfield code="2">fast</subfield><subfield code="0">(OCoLC)fst01208958</subfield></datafield><datafield ind1=" " ind2="7" tag="655"><subfield code="a">Newspapers.</subfield><subfield code="2">fast</subfield><subfield code="0">(OCoLC)fst01423814</subfield></datafield><datafield ind1=" " ind2=" " tag="752"><subfield code="a">United States</subfield><subfield code="b">New York</subfield><subfield code="c">Chautauqua</subfield><subfield code="d">Jamestown.</subfield></datafield><datafield ind1="1" ind2=" " tag="775"><subfield code="t">Jamestown journal</subfield><subfield code="x">2575-9043</subfield><subfield code="w">(DLC)sn 83031315</subfield><subfield code="w">(OCoLC)9849006</subfield></datafield><datafield ind1="0" ind2="0" tag="780"><subfield code="t">Evening journal (Jamestown, N.Y.)</subfield><subfield code="w">(DLC)sn 84031812</subfield><subfield code="w">(OCoLC)11225945</subfield></datafield><datafield ind1="0" ind2="7" tag="785"><subfield code="t">Jamestown post</subfield><subfield code="w">(DLC)sn 84031313</subfield><subfield code="w">(OCoLC)10839900</subfield></datafield><datafield ind1="0" ind2="7" tag="785"><subfield code="t">Jamestown post-journal</subfield><subfield code="w">(DLC)sn 84031314</subfield><subfield code="w">(OCoLC)10840053</subfield></datafield><datafield ind1="1" ind2=" " tag="029"><subfield code="a">AU@</subfield><subfield code="b">000025905173</subfield></datafield></record>